@MANUAL{awsUserGuide,
	TITLE        = "Amazon Elastic Compute Cloud: User Guide",
	AUTHOR       = "Amazon",
	YEAR = "2013",
	MONTH = "February",
	URL = "http://awsdocs.s3.amazonaws.com/EC2/latest/ec2-ug.pdf"
}


@MISC{awsEC2Specs,
TITLE = "Amazon EC2 Instance Types",
AUTHOR = "Amazon",
YEAR = "2013",
URL = "http://aws.amazon.com/ec2/instance-types/"
}

@MISC{awsEC2pricing,
TITLE = "Amazon EC2 Pricing, Pay as you go for Cloud Computing Services",
AUTHOR= "Amazon",
YEAR = "2013",
URL = "http://aws.amazon.com/ec2/pricing/"
}
